@online{prof-slides,
  author      = {Laura del Río Martín, Professor},
  title       = {MPI Techniques for Distributed-Memory Architectures},
  year        = {2023},
  url         = {https://didatticaonline.unitn.it/dol/pluginfile.php/1782846/mod_folder/content/0/IntroPARCO-L14.pdf?forcedownload=1},
  note        = {Lecture 14 slides for Professor's Vella course Introduction to Parallel Computing},
}

@online{prof-slides2,
  author      = {Laura del Río Martín, Professor},
  title       = {Advanced Features and Optimizations in MPI for Distributed-Memory Architectures},
  year        = {2023},
  url         = {https://didatticaonline.unitn.it/dol/pluginfile.php/1783723/mod_folder/content/0/IntroPARCO-L15.pdf?forcedownload=1},
  note        = {Lecture 15 slides for Professor's Vella course Introduction to Parallel Computing},
}
